<?xml version="1.0" encoding="UTF-8"?><record xmlns="http://www.loc.gov/MARC21/slim" xmlns:cinclude="http://apache.org/cocoon/include/1.0" xmlns:zs="http://www.loc.gov/zing/srw/">
  <leader>00656cz  a2200157n  4500</leader>
  <controlfield tag="001">n 2015010800</controlfield>
  <controlfield tag="003">DLC</controlfield>
  <controlfield tag="005">20160602143626.0</controlfield>
  <controlfield tag="008">150218n| azannaabn          |a aaa      </controlfield>
  <datafield tag="010" ind1=" " ind2=" ">
    <subfield code="a">n 2015010800</subfield>
  </datafield>
  <datafield tag="040" ind1=" " ind2=" ">
    <subfield code="a">DLC</subfield>
    <subfield code="b">eng</subfield>
    <subfield code="e">rda</subfield>
    <subfield code="c">DLC</subfield>
    <subfield code="d">DLC</subfield>
  </datafield>
  <datafield tag="046" ind1=" " ind2=" ">
    <subfield code="f">1970-09-25</subfield>
    <subfield code="2">edtf</subfield>
  </datafield>
  <datafield tag="100" ind1="1" ind2=" ">
    <subfield code="a">Rodríguez Fernández, Yumil</subfield>
  </datafield>
  <datafield tag="400" ind1="1" ind2=" ">
    <subfield code="a">Fernández, Yumil Rodríguez</subfield>
  </datafield>
  <datafield tag="670" ind1=" " ind2=" ">
    <subfield code="a">Los tribunales en Cuba, 2013:</subfield>
    <subfield code="b">t.p. (Yumil Rodríguez Fernández)</subfield>
  </datafield>
  <datafield tag="670" ind1=" " ind2=" ">
    <subfield code="a">El gobierno cubano desde una visión normativa, 2015:</subfield>
    <subfield code="b">t.p. (Yumil Rodríguez Fernández) p. 4 of cover (b. September 25, 1970 in Santa Clara; licenciado en derecho (Universidad Central de Las Villas, 1995))</subfield>
  </datafield>
</record>